@article{1,
  title={Predicting anxiety and depression in elderly patients using machine learning technology},
  author={Sau, Arkaprabha and Bhakta, Ishita},
  journal={Healthcare Technology Letters},
  volume={4},
  number={6},
  pages={238--243},
  year={2017},
  publisher={Wiley Online Library}
}

@article{2,
  title={Identifying predictors of psychological distress during COVID-19: a machine learning approach},
  author={Prout, Tracy A and Zilcha-Mano, Sigal and Aafjes-van Doorn, Katie and B{\'e}k{\'e}s, Vera and Christman-Cohen, Isabelle and Whistler, Kathryn and Kui, Thomas and Di Giuseppe, Mariagrazia},
  journal={Frontiers in Psychology},
  volume={11},
  pages={586202},
  year={2020},
  publisher={Frontiers Media SA}
}

@article{3,
  title={A brief measure for assessing generalized anxiety disorder: the GAD-7},
  author={Spitzer, Robert L and Kroenke, Kurt and Williams, Janet BW and L{\"o}we, Bernd},
  journal={Archives of internal medicine},
  volume={166},
  number={10},
  pages={1092--1097},
  year={2006},
  publisher={American Medical Association}
}

@article{4,
  title={Diagnostic validity of the generalized anxiety disorder-7 (GAD-7) among pregnant women},
  author={Zhong, Qiu-Yue and Gelaye, Bizu and Zaslavsky, Alan M and Fann, Jesse R and Rondon, Marta B and S{\'a}nchez, Sixto E and Williams, Michelle A},
  journal={PloS one},
  volume={10},
  number={4},
  pages={e0125096},
  year={2015},
  publisher={Public Library of Science San Francisco, CA USA}
}

@article{5,
  title={The psychometric properties of the patient health questionnaire-9 in a sample of Korean university students},
  author={Kim, Yang Eun and Lee, Boram},
  journal={Psychiatry investigation},
  volume={16},
  number={12},
  pages={904},
  year={2019},
  publisher={Korean Neuropsychiatric Association}
}

@article{6,
  title={Factor structure and construct validity of the Generalized Anxiety Disorder 7-item (GAD-7) among Portuguese college students},
  author={B{\'a}rtolo, Ana and Monteiro, Sara and Pereira, Anabela},
  journal={Cadernos de saude publica},
  volume={33},
  year={2017},
  publisher={SciELO Brasil}
}

@article{7,
  title={Prevalence of generalized anxiety disorder and its related factors among infertile patients in Iran: a cross-sectional study},
  author={Omani-Samani, Reza and Ghaheri, Azadeh and Navid, Behnaz and Sepidarkish, Mahdi and Maroufizadeh, Saman},
  journal={Health and Quality of Life Outcomes},
  volume={16},
  number={1},
  pages={1--5},
  year={2018},
  publisher={BioMed Central}
}

@article{8,
  title={Validation and standardization of the Generalized Anxiety Disorder Screener (GAD-7) in the general population},
  author={L{\"o}we, Bernd and Decker, Oliver and M{\"u}ller, Stefanie and Br{\"a}hler, Elmar and Schellberg, Dieter and Herzog, Wolfgang and Herzberg, Philipp Yorck},
  journal={Medical care},
  pages={266--274},
  year={2008},
  publisher={JSTOR}
}